@misc{caltechNASAExoplanet,
	author = {},
	title = {{N}{A}{S}{A} {E}xoplanet {A}rchive --- exoplanetarchive.ipac.caltech.edu},
	howpublished = {\url{https://exoplanetarchive.ipac.caltech.edu}},
	year = {},
	note = {[Accessed 29-05-2025]},
}
@article{Kasting1993,
  title = {Habitable Zones around Main Sequence Stars},
  volume = {101},
  ISSN = {0019-1035},
  url = {http://dx.doi.org/10.1006/icar.1993.1010},
  DOI = {10.1006/icar.1993.1010},
  number = {1},
  journal = {Icarus},
  publisher = {Elsevier BV},
  author = {Kasting,  James F. and Whitmire,  Daniel P. and Reynolds,  Ray T.},
  year = {1993},
  month = jan,
  pages = {108â€“128}
}

@article{Kopparapu2019,
  doi = {10.48550/ARXIV.1911.04441},
  url = {https://arxiv.org/abs/1911.04441},
  author = {Kopparapu,  Ravi kumar and Wolf,  Eric T. and Meadows,  Victoria S.},
  keywords = {Earth and Planetary Astrophysics (astro-ph.EP),  FOS: Physical sciences,  FOS: Physical sciences},
  title = {Characterizing Exoplanet Habitability},
  publisher = {arXiv},
  year = {2019},
  copyright = {arXiv.org perpetual,  non-exclusive license}
}